@article{joshi2017automatic,
  title={Automatic sarcasm detection: A survey},
  author={Joshi, Aditya and Bhattacharyya, Pushpak and Carman, Mark J},
  journal={ACM Computing Surveys (CSUR)},
  volume={50},
  number={5},
  pages={73},
  year={2017},
  publisher={ACM}
}
@book{bird2009natural,
  title={Natural language processing with Python: analyzing text with the natural language toolkit},
  author={Bird, Steven and Klein, Ewan and Loper, Edward},
  year={2009},
  publisher={" O'Reilly Media, Inc."}
}

@book{nltk,
  title={Natural Language Processing: Python and NLTK},
  author={Nitin Hardeniya; Jacob Perkins; Deepti Chopra; Nisheeth Joshi; Iti Mathur},
  year={2016},
  publisher={" Packt Publishing"}
}
@book{pos,
  title={Applied Text Analysis with Python},
  author={Benjamin Bengfort; Rebecca Bilbro; Tony Ojedar},
  year={2018},
  publisher={" O'Reilly Media, Inc"}
}
@book{pipeline1,
  title={Agile Data Science 2.0, 1st Edition},
  author={Russell Jurney},
  year={2017},
  publisher={"O'Reilly Media, Inc"}
}
@book{tfidf1,
  title={eature Engineering Made Easy},
  author={Sinan Ozdemir; Divya Susarla},
  year={2018},
  publisher={"Packt Publishing"}
}
@book{countvect1,
  title={Machine Learning Algorithms - Second Edition},
  author={Giuseppe Bonaccorso},
  year={2018},
  publisher={"Packt Publishing"}
}
@book{knn1,
  title={Machine Learning Algorithms},
  author={Giuseppe Bonaccorso},
  year={2017},
  publisher={"Packt Publishing"}
}
@book{lr1,
  title={Practical Statistics for Data Scientists},
  author={Andrew Bruce; Peter Bruce},
  year={2017},
  publisher={"O'Reilly Media, Inc"}
}
@book{mltypes,
  title={MATLAB for Machine Learning},
  author={Giuseppe Ciaburro },
  year={2017},
  publisher={Packt Publishing}
}

@article{khodak2017large,
  title={A large self-annotated corpus for sarcasm},
  author={Khodak, Mikhail and Saunshi, Nikunj and Vodrahalli, Kiran},
  journal={arXiv preprint arXiv:1704.05579},
  year={2017}
}
@misc{pipeline,
    title = {Spark DataFrames and ML Pipelines},
    url = {https://www.slideshare.net/databricks/dataframes-and-pipelines},
    howpublished = {https://www.slideshare.net/databricks/dataframes-and-pipelines}
}
@inproceedings{ptavcek2014sarcasm,
  title={Sarcasm detection on czech and english twitter},
  author={Pt{\'a}{\v{c}}ek, Tom{\'a}{\v{s}} and Habernal, Ivan and Hong, Jun},
  booktitle={Proceedings of COLING 2014, the 25th International Conference on Computational Linguistics: Technical Papers},
  pages={213--223},
  year={2014}
}
@misc{senpy,
    title = {What is Senpy?},
    url = {https://senpy.readthedocs.io/en/latest/senpy.html},
    howpublished = {https://senpy.readthedocs.io/en/latest/senpy.html}
}
@misc{luigi,
    title = {Luigi Documentation},
    url = {https://media.readthedocs.org/pdf/luigi/latest/luigi.pdf},
    howpublished = {https://media.readthedocs.org/pdf/luigi/latest/luigi.pdf}
}
https://sefarad.readthedocs.io/en/latest/sefarad.html
@misc{sefarad,
    title = {Sefarad Architecture},
    url = {https://sefarad.readthedocs.io/en/latest/sefarad.html
},
    howpublished = {https://sefarad.readthedocs.io/en/latest/sefarad.html
}
}
@book{elastic1,
  title={Learning Elasticsearch},
  author={Abhishek Andhavarapu},
  publisher={Packt Publishing},
  year={2017}
}
@book{elastic2,
  title={Elasticsearch Essentials},
  author={Bharvi Dixit},
  year={2016},
  publisher={Packt Publishing}
}
@misc{mexic,
    title = {Hacia la detección de ironía en textos cortos},
    url = {http://ru.ffyl.unam.mx/bitstream/handle/10391/4787/VII_CoLiCo_G_Jasso_Mesa_3_2015.pdf?sequence=2&isAllowed=y},
    howpublished = {http://ru.ffyl.unam.mx/bitstream/handle/10391/4787/VII_CoLiCo_G_Jasso_Mesa_3_2015.pdf?sequence=2&isAllowed=y}
}
